<?xml version="1.0" encoding="UTF-8"?><collection xmlns="http://www.loc.gov/MARC21/slim"><record><leader>00405nam--2200133-i-4500</leader><controlfield tag="001">000008207</controlfield><controlfield tag="002">20161230</controlfield><controlfield tag="005">20161230201027</controlfield><controlfield tag="008">060222s1000------------r-----000-0-eng-d</controlfield><datafield ind1=" " ind2=" " tag="080"><subfield code="a">615.849</subfield></datafield><datafield ind1=" " ind2=" " tag="245"><subfield code="a">Bildgute in der radiologie.symposium am l.und 2.oktober 1964 auf der insel herrenchiemsee</subfield></datafield><datafield ind1=" " ind2=" " tag="260"><subfield code="a">Stuttgart,Gustav Fischer Verlag,1966. Viii + 415p</subfield></datafield><datafield ind1=" " ind2=" " tag="700"><subfield code="a">Stiev,Friedrich-ernst</subfield></datafield><datafield ind1=" " ind2=" " tag="852"><subfield code="a">27441</subfield></datafield></record></collection>